@article{reiter2014bayesian,
  title={Bayesian estimation of disclosure risks for multiply imputed, synthetic data},
  author={Reiter, Jerome P and Wang, Quanli and Zhang, Biyuan},
  journal={Journal of Privacy and Confidentiality},
  volume={6},
  number={1},
  year={2014}
}

@article{mcclure2012differential,
  title={Differential Privacy and Statistical Disclosure Risk Measures: An Investigation with Binary Synthetic Data.},
  author={McClure, David and Reiter, Jerome P},
  journal={Trans. Data Priv.},
  volume={5},
  number={3},
  pages={535--552},
  year={2012}
}

@article{duncan2004database,
  title={Database security and confidentiality: examining disclosure risk vs. data utility through the RU confidentiality map},
  author={Duncan, George T and Keller-McNulty, Sallie A and Stokes, S Lynne},
  journal={Los Alamos National Laboratory, NM: National Institute for Statistical Sciences},
  year={2004}
}

@article{reiter2005using,
  title={Using CART to generate partially synthetic public use microdata},
  author={Reiter, Jerome P},
  journal={Journal of official statistics},
  volume={21},
  number={3},
  pages={441},
  year={2005},
  publisher={Statistics Sweden (SCB)}
}

@inproceedings{little2022comparing,
  title={Comparing the Utility and Disclosure Risk of Synthetic Data with Samples of Microdata},
  author={Little, Claire and Elliot, Mark and Allmendinger, Richard},
  booktitle={International Conference on Privacy in Statistical Databases},
  pages={234--249},
  year={2022},
  organization={Springer}
}

@article{dankar2021fake,
  title={Fake it till you make it: Guidelines for effective synthetic data generation},
  author={Dankar, Fida K and Ibrahim, Mahmoud},
  journal={Applied Sciences},
  volume={11},
  number={5},
  pages={21--58},
  year={2021},
  publisher={MDPI}
}

@article{nowok2016synthpop,
  title={synthpop: Bespoke creation of synthetic data in R},
  author={Nowok, Beata and Raab, Gillian M and Dibben, Chris},
  journal={Journal of statistical software},
  volume={74},
  pages={1--26},
  year={2016}
}

@inproceedings{raab2024privacy,
  title={Privacy risk from synthetic data: practical proposals},
  author={Raab, Gillian M},
  booktitle={International Conference on Privacy in Statistical Databases},
  pages={254--273},
  year={2024},
  organization={Springer}
}

@article{wagner2018technical,
  title={Technical privacy metrics: a systematic survey},
  author={Wagner, Isabel and Eckhoff, David},
  journal={ACM Computing Surveys (Csur)},
  volume={51},
  number={3},
  pages={1--38},
  year={2018},
  publisher={ACM New York, NY, USA}
}

@article{raab2024practical,
  title={Practical privacy metrics for synthetic data},
  author={Raab, Gillian M and Nowok, Beata and Dibben, Chris},
  journal={arXiv preprint arXiv:2406.16826},
  year={2024}
}

@article{elliot2016anonymisation,
  title={The anonymisation decision-making framework},
  author={Elliot, Mark and Mackey, Elaine and O'Hara, Kieron and Tudor, Caroline},
  year={2016},
  publisher={UKAN}
}

@article{elliot2015final,
  title={Final report on the disclosure risk associated with the synthetic data produced by the sylls team},
  author={Elliot, Mark},
  journal={Report 2015},
  volume={2},
  year={2015}
}

@book{elliot_etal_2020,
           month = {November},
           title = {The anonymisation decision-making framework 2nd Edition: European practitioners' guide},
          author = {Mark Elliot and Elaine Mackey and Kieron O'Hara},
       publisher = {UKAN},
            year = {2020},
        keywords = {Anonymisation, Privacy, Confidentiality, Personal data, Data protection, Data situation, Data environment, Functional anonymisation, Data sharing, GDPR},
             url = {https://eprints.soton.ac.uk/445373/}
}

